<record><leader>00000cas a2200000 a 4500</leader><controlfield tag="001">55059173</controlfield><controlfield tag="008">040430d19951995cauwr ne      0    0eng c</controlfield><datafield ind1=" " ind2=" " tag="010"><subfield code="a">sn2004061130</subfield></datafield><datafield ind1=" " ind2=" " tag="040"><subfield code="a">CNK</subfield><subfield code="b">eng</subfield><subfield code="c">CNK</subfield><subfield code="d">CNK</subfield><subfield code="d">OCLCQ</subfield><subfield code="d">OCLCF</subfield><subfield code="d">OCLCO</subfield></datafield><datafield ind1="1" ind2=" " tag="029"><subfield code="a">AU@</subfield><subfield code="b">000025511343</subfield></datafield><datafield ind1=" " ind2=" " tag="042"><subfield code="a">pcc</subfield></datafield><datafield ind1=" " ind2=" " tag="043"><subfield code="a">n-us-ca</subfield></datafield><datafield ind1="0" ind2=" " tag="130"><subfield code="a">Fallbrook enterprise (Fallbrook, Calif. : 1995)</subfield></datafield><datafield ind1="1" ind2="4" tag="245"><subfield code="a">The Fallbrook enterprise.</subfield></datafield><datafield ind1=" " ind2=" " tag="260"><subfield code="a">Fallbrook, Calif. :</subfield><subfield code="b">G.L. "Don" Taylor</subfield></datafield><datafield ind1=" " ind2=" " tag="300"><subfield code="a">v.</subfield></datafield><datafield ind1=" " ind2=" " tag="310"><subfield code="a">Weekly</subfield></datafield><datafield ind1="0" ind2=" " tag="362"><subfield code="a">Vol. 84, no. 6 (Mar. 2, 1995)-v. 84, no. 44 (Nov. 30, 1995).</subfield></datafield><datafield ind1=" " ind2=" " tag="500"><subfield code="a">"Covering the Avocado and Citrus Empire of Northern San Diego County."</subfield></datafield><datafield ind1=" " ind2=" " tag="530"><subfield code="a">Master negatives are available for duplication from:</subfield><subfield code="b">California Newspaper Microfilm Archive;</subfield><subfield code="c">positive copies may be purchased by the reel; for further information consult the CNMA at:</subfield><subfield code="u">http://cbsr.ucr.edu</subfield></datafield><datafield ind1=" " ind2="0" tag="651"><subfield code="a">Fallbrook (Calif.)</subfield><subfield code="v">Newspapers.</subfield></datafield><datafield ind1=" " ind2="7" tag="655"><subfield code="a">Newspapers.</subfield><subfield code="2">fast</subfield><subfield code="0">(OCoLC)fst01423814</subfield></datafield><datafield ind1=" " ind2="7" tag="651"><subfield code="a">California</subfield><subfield code="z">Fallbrook.</subfield><subfield code="2">fast</subfield><subfield code="0">(OCoLC)fst01218715</subfield></datafield><datafield ind1=" " ind2=" " tag="752"><subfield code="a">United States</subfield><subfield code="b">California</subfield><subfield code="c">San Diego</subfield><subfield code="d">Fallbrook.</subfield></datafield><datafield ind1="0" ind2="0" tag="780"><subfield code="t">Enterprise (Fallbrook, Calif.)</subfield><subfield code="w">(DLC)sn 98061300</subfield></datafield><datafield ind1="0" ind2="0" tag="785"><subfield code="t">Fallbrook/Bonsall enterprise</subfield><subfield code="w">(DLC)sn2004061129</subfield></datafield></record>